@inproceedings{chen2014fast,
  title        = {A Fast and Accurate Dependency Parser using Neural Networks},
  author       = {Chen, Danqi and Manning, Christopher D.},
  booktitle    = {Proceedings of the 2014 Conference on Empirical Methods in Natural Language Processing (EMNLP)},
  pages        = {740--750},
  year         = {2014},
  organization = {Association for Computational Linguistics}
}

@article{cohn2009sentence,
  title   = {Sentence compression as tree transduction},
  author  = {Cohn, Trevor Anthony and Lapata, Mirella},
  journal = {Journal of Artificial Intelligence Research},
  volume  = {34},
  pages   = {637--674},
  year    = {2009}
}

@inproceedings{filippova2008dependency,
  title     = {Dependency tree based sentence compression},
  author    = {Filippova, Katja and Strube, Michael},
  booktitle = {Proceedings of the Fifth International Natural Language Generation Conference},
  pages     = {25--32},
  year      = {2008}
}

@inproceedings{filippova2010multi,
  title     = {Multi-sentence compression: Finding shortest paths in word graphs},
  author    = {Filippova, Katja},
  booktitle = {Proceedings of the 23rd international conference on computational linguistics (Coling 2010)},
  pages     = {322--330},
  year      = {2010}
}


@article{filippova2015ltms,
  author  = {Filippova, K. and Alfonseca, E. and Colmenares, C. A. and Kaiser, Ł. and Vinyals, O.},
  title   = {Sentence compression by deletion with lstms},
  journal = {Proceedings of the 2015 Conference on Empirical Methods in Natural Language Processing},
  year    = {2015},
  doi     = {10.18653/v1/d15-1042}
}


@article{jurafsky2024speech,
  title   = {Speech and Language Processing: An introduction to Natural Langage Processing},
  author  = {Jurafsky, Daniel and Martin, James H},
  journal = {Computational Linguistics, and Speech Recognition with Language Models. Third Edition draft},
  year    = {2024}
}


@incollection{kubler2009dependency,
  title     = {Dependency parsing},
  author    = {K{\"u}bler, Sandra and McDonald, Ryan and Nivre, Joakim},
  booktitle = {Dependency parsing},
  pages     = {11--20},
  year      = {2009},
  publisher = {Springer}
}


@inproceedings{lohrey2011tree,
  title        = {Tree structure compression with repair},
  author       = {Lohrey, Markus and Maneth, Sebastian and Mennicke, Roy},
  booktitle    = {2011 Data Compression Conference},
  pages        = {353--362},
  year         = {2011},
  organization = {IEEE}
}


@article{lohrey2013xml,
  title     = {XML tree structure compression using RePair},
  author    = {Lohrey, Markus and Maneth, Sebastian and Mennicke, Roy},
  journal   = {Information Systems},
  volume    = {38},
  number    = {8},
  pages     = {1150--1167},
  year      = {2013},
  publisher = {Elsevier}
}



@inproceedings{lohrey2015grammar,
  title        = {Grammar-based tree compression},
  author       = {Lohrey, Markus},
  booktitle    = {Developments in Language Theory: 19th International Conference, DLT 2015, Liverpool, UK, July 27-30, 2015, Proceedings. 19},
  pages        = {46--57},
  year         = {2015},
  organization = {Springer}
}

@book{McAnlis2016,
  author    = {Colt McAnlis and Aleks Haecky},
  title     = {Understanding compression},
  subtitle  = {data compression for modern developers},
  publisher = {O'Reilly},
  address   = {Sebastopol, CA},
  year      = {2016},
  edition   = {1st Edition},
  isbn      = {978-1-491-96153-7}
}

@misc{MorphoDiTa2020,
  author   = {Milan Straka and Jana Straková},
  journal  = {MorphoDiTa},
  title    = {MorphoDiTa},
  year     = {2020},
  medium   = {online},
  accessed = {2025-04-19},
  url      = {https://ufal.mff.cuni.cz/morphodita}
}

@article{Oquendo2016Pipe,
  author  = {Oquendo, F. and Leite, J. and Batista, T.},
  title   = {Pipe-filter architectural style},
  journal = {Undergraduate Topics in Computer Science},
  year    = {2016},
  pages   = {171-177},
  doi     = {10.1007/978-3-319-44339-3_13}
}

@misc{Straka2020,
  author   = {Milan Straka and Jana Straková},
  journal  = {UDPipe 1},
  title    = {UDPipe 1},
  year     = {2020},
  medium   = {online},
  accessed = {2025-04-19},
  url      = {https://ufal.mff.cuni.cz/udpipe/1}
}


@inproceedings{strakova14,
  author    = {Strakov\'{a}, Jana  and  Straka, Milan  and  Haji\v{c}, Jan},
  title     = {Open-{S}ource {T}ools for {M}orphology, {L}emmatization, {POS} {T}agging and {N}amed {E}ntity {R}ecognition},
  booktitle = {Proceedings of 52nd Annual Meeting of the Association for Computational Linguistics: System Demonstrations},
  month     = {June},
  year      = {2014},
  address   = {Baltimore, Maryland},
  publisher = {Association for Computational Linguistics},
  pages     = {13--18},
  url       = {http://www.aclweb.org/anthology/P/P14/P14-5003.pdf}
}

@inproceedings{udparsing:2015,
  author    = {Straka, Milan and Haji\v{c}, Jan and Strakov\'{a}, Jana and Haji\v{c} jr., Jan},
  title     = {Parsing Universal Dependency Treebanks using Neural Networks and Search-Based Oracle},
  booktitle = {Proceedings of Fourteenth International Workshop on Treebanks and Linguistic Theories ({TLT\,14})},
  month     = {December},
  year      = {2015}
}

@inproceedings{udpipe:2017,
  author    = {Straka, Milan  and  Strakov\'{a}, Jana},
  title     = {Tokenizing, POS Tagging, Lemmatizing and Parsing UD 2.0 with UDPipe},
  booktitle = {Proceedings of the CoNLL 2017 Shared Task: Multilingual Parsing from Raw Text to Universal Dependencies},
  month     = {August},
  year      = {2017},
  address   = {Vancouver, Canada},
  publisher = {Association for Computational Linguistics},
  pages     = {88--99},
  url       = {http://www.aclweb.org/anthology/K/K17/K17-3009.pdf}
}